@article{Loomes1982,
  doi = {10.2307/2232669},
  url = {https://doi.org/10.2307/2232669},
  year = {1982},
  month = dec,
  publisher = {Oxford University Press ({OUP})},
  volume = {92},
  number = {368},
  pages = {805},
  author = {Graham Loomes and Robert Sugden},
  title = {Regret Theory: An Alternative Theory of Rational Choice Under Uncertainty},
  journal = {The Economic Journal}
}

@article{Bleichrodt2015,
  doi = {10.1111/ecoj.12200},
  url = {https://doi.org/10.1111/ecoj.12200},
  year = {2015},
  month = mar,
  publisher = {Oxford University Press ({OUP})},
  volume = {125},
  number = {583},
  pages = {493--532},
  author = {Han Bleichrodt and Peter P. Wakker},
  title = {Regret Theory: A Bold Alternative to the Alternatives},
  journal = {The Economic Journal}
}

@article{vanEtten2019tricot,
author = {{van Etten}, Jacob and Beza, Eskender and Calderer, Llu{\'{i}}s and {Van Duijvendijk}, Kees and Fadda, Carlo and Fantahun, Basazen and Kidane, Yosef Gebrehawaryat and van de Gevel, Jeske and Gupta, Arnab and Mengistu, Dejene Kassahun and Kiambi, Dan and Mathur, Prem Narain and Mercado, Leida and Mittra, Sarika and Mollel, Margaret J. and Rosas, Juan Carlos and Steinke, Jonathan and Suchini, Jose Gabriel and Zimmerer, Karl S.},
doi = {10.1017/S0014479716000739},
issn = {0014-4797},
journal = {Experimental Agriculture},
mendeley-groups = {tricotgenomic,gosset},
month = {jun},
number = {S1},
pages = {275--296},
publisher = {Cambridge University Press},
title = {{First experiences with a novel farmer citizen science approach: crowdsourcing participatory variety selection through on-farm triadic comparisons of technologies (tricot)}},
url = {https://www.cambridge.org/core/product/identifier/S0014479716000739/type/journal_article},
volume = {55},
year = {2019}
}

@article{Turner2020,
author = {Turner, Heather L and {van Etten}, Jacob and Firth, David and Kosmidis, Ioannis},
doi = {10.1007/s00180-020-00959-3},
issn = {1613-9658},
journal = {Computational Statistics},
title = {{Modelling rankings in R: the PlackettLuce package}},
url = {https://doi.org/10.1007/s00180-020-00959-3},
year = {2020}
}


@misc{RCoreTeam,
address = {Vienna, Austria},
author = {{R Core Team}},
publisher = {CRAN R Project},
title = {{R: A language and environment for statistical computing. version 3.6.2.}},
url = {https://r-project.org/},
year = {2019}
}

@book{climmob,
address = {Rome, Italy},
author = {{{van Etten}}, Jacob and Manners, Rhys and Steinke, Jonathan and Matthus, Elsa and {{de Sousa}}, Kau{\^{e}}},
file = {::},
institution = {Bioversity International},
mendeley-groups = {PPB},
publisher = {Bioversity International},
title = {{The tricot approach: Guide for large-scale participatory experiments}},
url = {https://hdl.handle.net/10568/109942},
year = {2020}
}


@article{Kendall1938,
author = {Kendall, M. G.},
doi = {10.1093/biomet/30.1-2.81},
issn = {0006-3444},
journal = {Biometrika},
mendeley-groups = {gosset},
month = {jun},
number = {1-2},
pages = {81--93},
title = {{A new measure of ranking correlation}},
url = {https://doi.org/10.1093/biomet/30.1-2.81},
volume = {30},
year = {1938}
}

@article{Strobl2009,
author = {Strobl, Carolin and Malley, James and Tutz, Gerhard},
doi = {10.1037/a0016973},
file = {::},
issn = {1939-1463},
journal = {Psychological methods},
month = {dec},
number = {4},
pages = {323--48},
pmid = {19968396},
publisher = {NIH Public Access},
title = {{An introduction to recursive partitioning: rationale, application, and characteristics of classification and regression trees, bagging, and random forests.}},
url = {http://www.ncbi.nlm.nih.gov/pubmed/19968396 http://www.pubmedcentral.nih.gov/articlerender.fcgi?artid=PMC2927982},
volume = {14},
year = {2009}
}


@misc{climmobtools,
title = {{{ClimMobTools}: API Client for the {'ClimMob'} platform}},
author = {Kau{\^{e}} {de Sousa} and Jacob {van Etten}},
note = {R package version 0.4.5.2},
year = {2022},
url = {https://CRAN.R-project.org/package=ClimMobTools},
}

@article{gosset,
  doi = {10.2139/ssrn.4236267},
  url = {https://doi.org/10.2139/ssrn.4236267},
  year = {2022},
  publisher = {Elsevier {BV}},
  author = {Kau{\^{e}} de Sousa and David Brown and Jonathan Steinke and Jacob van Etten},
  title = {{gosset: An R Package for Analysis and Synthesis of Ranking Data in Agricultural Experimentation}},
  journal = {{SSRN} Electronic Journal}
}

@article{Eskridge1992,
  doi = {10.1007/bf00229512},
  url = {https://doi.org/10.1007/bf00229512},
  year = {1992},
  month = jul,
  publisher = {Springer Science and Business Media {LLC}},
  volume = {84-84},
  number = {3-4},
  pages = {494--500},
  author = {K. M. Eskridge and R. F. Mumm},
  title = {Choosing plant cultivars based on the probability of outperforming a check},
  journal = {Theoretical and Applied Genetics}
}

@Article{partykit,
    title = {{Model-Based Recursive Partitioning}},
    author = {Achim Zeileis and Torsten Hothorn and Kurt Hornik},
    journal = {Journal of Computational and Graphical Statistics},
    year = {2008},
    volume = {17},
    number = {2},
    doi = {10.1198/106186008X319331},
    pages = {492--514},
}

@misc{qvcalc,
    title = {{{qvcalc}: Quasi Variances for Factor Effects in Statistical Models}},
    author = {David Firth},
    year = {2020},
    note = {R package version 1.0.2},
    url = {https://CRAN.R-project.org/package=qvcalc},
}

@Article{psychotools,
    title = {{Anchor Selection Strategies for {DIF} Analysis: Review, Assessment, and New Approaches}},
    author = {Julia Kopf and Carolin Strobl and Achim Zeileis},
    journal = {Educational and Psychological Measurement},
    year = {2015},
    volume = {75},
    number = {1},
    pages = {22--56},
    doi = {10.1177/0013164414529792},
  }
  
@Article{jsonlite,
    title = {{The jsonlite Package: A Practical and Consistent Mapping Between JSON Data and R Objects}},
    author = {Jeroen Ooms},
    journal = {arXiv:1403.2805 [stat.CO]},
    year = {2014},
    url = {https://arxiv.org/abs/1403.2805},
}

@misc{multcompView,
    title = {{{multcompView}: Visualizations of Paired Comparisons}},
    author = {Spencer Graves and Hans-Peter Piepho and Luciano Selzer with help from Sundar Dorai-Raj},
    year = {2019},
    note = {R package version 0.1-8},
    url = {https://CRAN.R-project.org/package=multcompView},
}

@Book{knitr,
    title = {{Dynamic Documents with {R} and knitr}},
    author = {Yihui Xie},
    publisher = {Chapman and Hall/CRC},
    address = {Boca Raton, Florida},
    year = {2015},
    edition = {2nd},
    note = {ISBN 978-1498716963},
    url = {https://yihui.org/knitr/},
}

@Book{rmarkdown,
    title = {{R Markdown: The Definitive Guide}},
    author = {Yihui Xie and J.J. Allaire and Garrett Grolemund},
    publisher = {Chapman and Hall/CRC},
    address = {Boca Raton, Florida},
    year = {2018},
    note = {ISBN 9781138359338},
    url = {https://bookdown.org/yihui/rmarkdown},
  }
  
@misc{pls,
    title = {{{pls}: Partial Least Squares and Principal Component Regression}},
    author = {Bj√∏rn-Helge Mevik and Ron Wehrens and Kristian Hovde Liland},
    year = {2019},
    note = {R package version 2.7-2},
    url = {https://CRAN.R-project.org/package=pls},
  }


@misc{gtools,
    title = {{{gtools}: Various R Programming Tools}},
    author = {Gregory R. Warnes and Ben Bolker and Thomas Lumley},
    year = {2018},
    note = {R package version 3.8.1},
    url = {https://CRAN.R-project.org/package=gtools},
  }
  
@Book{ggplot2,
    author = {Hadley Wickham},
    title = {{{ggplot2}: Elegant Graphics for Data Analysis}},
    publisher = {Springer-Verlag New York},
    year = {2016},
    isbn = {978-3-319-24277-4},
    url = {https://ggplot2.tidyverse.org},
}

@Article{igraph,
    title = {The igraph software package for complex network research},
    author = {Gabor Csardi and Tamas Nepusz},
    journal = {InterJournal},
    volume = {Complex Systems},
    pages = {1695},
    year = {2006},
    url = {http://igraph.org},
}

@Manual{ggparty,
    title = {{{ggparty}: 'ggplot' Visualizations for the 'partykit' Package}},
    author = {Martin Borkovec and Niyaz Madin},
    year = {2019},
    note = {R package version 1.0.0},
    url = {https://CRAN.R-project.org/package=ggparty},
}

@Manual{ggrepel,
 title = {{{ggrepel}: Automatically Position Non-Overlapping Text Labels with 'ggplot2'}},
    author = {Kamil Slowikowski},
    year = {2020},
    note = {R package version 0.8.2},
    url = {https://CRAN.R-project.org/package=ggrepel},
}

@Manual{mapview,
    title = {{{mapview}: Interactive Viewing of Spatial Data in R}},
    author = {Tim Appelhans and Florian Detsch and Christoph Reudenbach and Stefan Woellauer},
    year = {2020},
    note = {R package version 2.7.8},
    url = {https://CRAN.R-project.org/package=mapview},
}

@Manual{patchwork,
    title = {{{patchwork}: The Composer of Plots}},
    author = {Thomas Lin Pedersen},
    year = {2019},
    note = {R package version 1.0.0},
    url = {https://CRAN.R-project.org/package=patchwork},
}


@Manual{multcompView,
    title = {{{multcompView}: Visualizations of Paired Comparisons}},
    author = {Spencer Graves and Hans-Peter Piepho and Luciano Selzer with help from Sundar Dorai-Raj},
    year = {2019},
    note = {R package version 0.1-8},
    url = {https://CRAN.R-project.org/package=multcompView},
  }
  
@Manual{leaflet,
    title = {{leaflet: Create Interactive Web Maps with the JavaScript 'Leaflet'
Library}},
    author = {Joe Cheng and Bhaskar Karambelkar and Yihui Xie},
    year = {2019},
    note = {R package version 2.0.3},
    url = {https://CRAN.R-project.org/package=leaflet},
  }
  
@article{BHtest,
author = {Benjamini, Yoav and Hochberg, Yosef},
title = {{Controlling the False Discovery Rate: A Practical and Powerful Approach to Multiple Testing}},
journal = {Journal of the Royal Statistical Society: Series B (Methodological)},
volume = {57},
number = {1},
pages = {289-300},
keywords = {bonferroni-type procedures, familywise error rate, multiple-comparison procedures, p-values},
doi = {10.1111/j.2517-6161.1995.tb02031.x},
year = {1995}
}

@Manual{png,
    title = {{png: Read and write PNG images}},
    author = {Simon Urbanek},
    year = {2013},
    note = {R package version 0.1-7},
    url = {https://CRAN.R-project.org/package=png},
}

@Article{plotrix,
    year = {2006},
    title = {{Plotrix: a package in the red light district of R}},
    journal = {R-News},
    volume = {6},
    number = {4},
    pages = {8-12},
    author = {Lemon J},
  }
  
@Manual{gridExtra,
    title = {{gridExtra: Miscellaneous Functions for "Grid" Graphics}},
    author = {Baptiste Auguie},
    year = {2017},
    note = {R package version 2.3},
    url = {https://CRAN.R-project.org/package=gridExtra},
}

@article{climmobanalysis,
  author       = {Kau√™ {de Sousa} and
                  Brandon Madriz and
                  Anna Muller and
                  Jacob {van Etten}},
  title        = {{Workflow for automated analysis and report of 
                   decentralized experimental data with the tricot
                   approach}},
  month        = mar,
  year         = 2022,
  publisher    = {Zenodo},
  version      = {v2},
  doi          = {10.5281/zenodo.4609907},
  url          = {https://doi.org/10.5281/zenodo.4609907}
}

@book{Luce1959,
author = {Luce, R. Duncan},
mendeley-groups = {phd-thesis},
pages = {153},
publisher = {Courier Corporation},
title = {{Individual Choice Behavior}},
year = {1959}
}

@article{Plackett1975,
author = {Plackett, R. L.},
doi = {10.2307/2346567},
journal = {Journal of the Royal Statistical Society. Series C (Applied Statistics)},
mendeley-groups = {phd-thesis},
number = {2},
pages = {193--202},
title = {{The Analysis of Permutations}},
volume = {24},
year = {1975}
}


@InProceedings{Yildiz2020,
  title = 	 {Fast and Accurate Ranking Regression},
  author =       {Yildiz, Ilkay and Dy, Jennifer and Erdogmus, Deniz and Kalpathy-Cramer, Jayashree and Ostmo, Susan and Campbell, J. Peter and Chiang, Michael F. and Ioannidis, Stratis},
  booktitle = 	 {Proceedings of the Twenty Third International Conference on Artificial Intelligence and Statistics},
  pages = 	 {77--88},
  year = 	 {2020},
  editor = 	 {Chiappa, Silvia and Calandra, Roberto},
  volume = 	 {108},
  series = 	 {Proceedings of Machine Learning Research},
  month = 	 {26--28 Aug},
  publisher =    {PMLR},
  pdf = 	 {http://proceedings.mlr.press/v108/yildiz20a/yildiz20a.pdf},
  url = 	 {https://proceedings.mlr.press/v108/yildiz20a.html}
}


@book{Sakamoto1986,
address = {Tokyo; Dordrecht; Boston; Hingham, MA},
author = {{Sakamoto Ishiguro, M., Kitagawa, G.,}, Y},
isbn = {9027722536 9789027722539},
language = {English},
publisher = {KTK Scientific Publishers ; D. Reidel ; Sold and distributed in the U.S.A. and Canada by Kluwer Academic Publishers},
title = {{Akaike information criterion statistics}},
year = {1986}
}


@Manual{climatrends,
    title = {climatrends: Climate Variability Indices for Ecological Modelling},
    author = {Kau√™ {de Sousa} and Jacob {van Etten} and Svein √ò. Solberg},
    year = {2020},
    note = {R package version 0.2},
    url = {https://CRAN.R-project.org/package=climatrends}
}

@article{nasapower,
author = {Sparks, Adam H},
doi = {10.21105/joss.01035},
journal = {Journal of Open Source Software},
mendeley-groups = {gosset,phd-thesis},
number = {30},
pages = {1035},
title = {{nasapower: A NASA POWER Global Meteorology, Surface Solar Energy and Climatology Data Client for R}},
url = {https://doi.org/10.21105/joss.01035},
volume = {3},
year = {2018}
}

@article{Zeileis2008,
author = {Zeileis, Achim and Hothorn, Torsten and Hornik, Kurt},
doi = {10.1198/106186008X319331},
issn = {10618600},
journal = {Journal of Computational and Graphical Statistics},
mendeley-groups = {phd-thesis},
number = {2},
pages = {492--514},
publisher = {American Statistical Association},
title = {{Model-based recursive partitioning}},
url = {https://www.tandfonline.com/doi/abs/10.1198/106186008X319331},
volume = {17},
year = {2008}
}

@article{Voss2024,
  title = {Citizen science informs demand-driven breeding of opportunity crops},
  url = {http://dx.doi.org/10.1101/2024.07.31.605211},
  DOI = {10.1101/2024.07.31.605211},
  publisher = {Cold Spring Harbor Laboratory},
  author = {Voss,  Rachel C. and {de Sousa},  Kau\^e and N‚ÄôDanikou,  Sognigb√© and Shango,  Abdul and Aglinglo,  Lys Amavi and Laporte,  Marie-Ang√©lique and Legba,  Eric C. and Houdegbe,  Aristide Carlos and Diarra,  Danfing dit Youssouf and Dolo,  Aminata and Sidibe,  Amadou and Ouedraogo,  Colette and Coulibaly,  Harouna and Achigan-Dako,  Enoch G. and Kileo,  Aishi and Malulu,  Dickson and Matumbo,  Zamira and Dinssa,  Fekadu and {van Heerwaarden},  Joost and {van Etten},  Jacob and Riar,  Amritbir and {van Zonneveld},  Maarten},
  year = {2024},
  month = jul 
}
